<record><leader>00000cas a22000007a 4500</leader><controlfield tag="001">11897335</controlfield><controlfield tag="008">850409d18601861wiuwr ne      0    0eng d</controlfield><datafield ind1=" " ind2=" " tag="010"><subfield code="a">sn 85040510 </subfield></datafield><datafield ind1=" " ind2=" " tag="040"><subfield code="a">NPV</subfield><subfield code="b">eng</subfield><subfield code="c">NPV</subfield><subfield code="d">OCLCQ</subfield></datafield><datafield ind1=" " ind2=" " tag="042"><subfield code="a">msc</subfield></datafield><datafield ind1=" " ind2=" " tag="043"><subfield code="a">n-us-wi</subfield></datafield><datafield ind1=" " ind2=" " tag="045"><subfield code="a">w6w6</subfield></datafield><datafield ind1=" " ind2=" " tag="052"><subfield code="a">4123</subfield><subfield code="b">D3</subfield></datafield><datafield ind1="0" ind2="0" tag="245"><subfield code="a">Wisconsin Argus and Democrat.</subfield></datafield><datafield ind1="1" ind2="3" tag="246"><subfield code="a">Argus and Democrat</subfield></datafield><datafield ind1="1" ind2="7" tag="246"><subfield code="a">Weekly Argus and Democrat</subfield><subfield code="f">&lt;June&gt;-Oct. 1861</subfield></datafield><datafield ind1=" " ind2=" " tag="260"><subfield code="a">Madison, Wis. :</subfield><subfield code="b">E.A. Calkins &amp; Co.,</subfield><subfield code="c">1860-1861.</subfield></datafield><datafield ind1=" " ind2=" " tag="300"><subfield code="a">3 v. :</subfield><subfield code="b">ill.</subfield></datafield><datafield ind1=" " ind2=" " tag="310"><subfield code="a">Weekly</subfield></datafield><datafield ind1="0" ind2=" " tag="362"><subfield code="a">Old ser. vol. 15, no. 46 (Apr. 10, 1860)-old ser. v. 17, no. 20 (Oct. 1, 1861) = new ser. v. 1, no. 1-new ser. v. 2, no. 26.</subfield></datafield><datafield ind1=" " ind2=" " tag="500"><subfield code="a">Editor: E.A. Calkins, Apr.-&lt;Dec. 1960&gt;.--J.Y. and H.K. Smith, &lt;June 1860&gt;-1861.</subfield></datafield><datafield ind1=" " ind2=" " tag="530"><subfield code="a">Available on microfilm from The State Historical Society of Wisconsin.</subfield></datafield><datafield ind1=" " ind2=" " tag="580"><subfield code="a">Also issued in daily ed. with title: Daily Argus and Democrat.</subfield></datafield><datafield ind1="1" ind2=" " tag="775"><subfield code="t">Daily Argus and Democrat (Madison, Wis. : 1857)</subfield><subfield code="w">(DLC)sn 84025135</subfield></datafield><datafield ind1="0" ind2="0" tag="785"><subfield code="t">Weekly Wisconsin Argus (Madison, Wis. : 1861)</subfield><subfield code="w">(DLC)sn 85040511</subfield></datafield><datafield ind1="1" ind2=" " tag="029"><subfield code="a">AU@</subfield><subfield code="b">000025801875</subfield></datafield></record>